<?xml version="1.0" encoding="UTF-8"?><collection xmlns="http://www.loc.gov/MARC21/slim"><record><leader>00559nam--2200193-i-4500</leader><controlfield tag="001">000013752</controlfield><controlfield tag="002">20161230</controlfield><controlfield tag="005">20161230201030</controlfield><controlfield tag="008">060222s1000------------r-----000-0-rus-d</controlfield><datafield ind1=" " ind2=" " tag="040"><subfield code="a">IFIN-HH</subfield></datafield><datafield ind1=" " ind2=" " tag="041"><subfield code="a">rus</subfield></datafield><datafield ind1=" " ind2=" " tag="080"><subfield code="a">533.9.621.039.6</subfield></datafield><datafield ind1="1" ind2=" " tag="100"><subfield code="a">Sultanov, M.A</subfield></datafield><datafield ind1="1" ind2="0" tag="245"><subfield code="a">Idarnosjataia plazma v moshnih impulsnih razriadah</subfield><subfield code="c">M.a. sultanov</subfield></datafield><datafield ind1=" " ind2=" " tag="260"><subfield code="a">Dusanbe</subfield><subfield code="b">Donidh</subfield><subfield code="c">1981</subfield></datafield><datafield ind1=" " ind2=" " tag="300"><subfield code="a">279 p</subfield></datafield><datafield ind1=" " ind2=" " tag="500"><subfield code="a">Titlul in lb. engleza: Shock-Compressed Plasma in Powerfull Impulse Discharges</subfield></datafield><datafield ind1=" " ind2=" " tag="852"><subfield code="a">70044</subfield><subfield code="c">533.9</subfield></datafield><datafield ind1=" " ind2=" " tag="CAT"><subfield code="a">Sys</subfield><subfield code="c">20100930</subfield><subfield code="h">101636</subfield></datafield></record></collection>